%% This BibTeX bibliography file was created using BibDesk.
%% http://bibdesk.sourceforge.net/


%% Created for Galyardt at 2014-08-21 22:49:39 -0400 


%% Saved with string encoding Unicode (UTF-8) 

@article{doherty2017large,
  title={Large scale population assessment of physical activity using wrist worn accelerometers: the UK biobank study},
  author={Doherty, Aiden and Jackson, Dan and Hammerla, Nils and Pl{\"o}tz, Thomas and Olivier, Patrick and Granat, Malcolm H and White, Tom and Van Hees, Vincent T and Trenell, Michael I and Owen, Christoper G and others},
  journal={PloS one},
  volume={12},
  number={2},
  pages={e0169649},
  year={2017},
  publisher={Public Library of Science San Francisco, CA USA}
}

@article{willetts2018statistical,
  title={Statistical machine learning of sleep and physical activity phenotypes from sensor data in 96,220 UK Biobank participants},
  author={Willetts, Matthew and Hollowell, Sven and Aslett, Louis and Holmes, Chris and Doherty, Aiden},
  journal={Scientific reports},
  volume={8},
  number={1},
  pages={1--10},
  year={2018},
  publisher={Nature Publishing Group}
}

@inproceedings{ravi2005activity,
  title={Activity recognition from accelerometer data},
  author={Ravi, Nishkam and Dandekar, Nikhil and Mysore, Preetham and Littman, Michael L},
  booktitle={Aaai},
  volume={5},
  number={2005},
  pages={1541--1546},
  year={2005},
  organization={Pittsburgh, PA}
}

@article{guo2019accelerometer,
  title={Accelerometer compared with questionnaire measures of physical activity in relation to body size and composition: a large cross-sectional analysis of UK Biobank},
  author={Guo, Wenji and Key, Timothy J and Reeves, Gillian K},
  journal={BMJ open},
  volume={9},
  number={1},
  pages={e024206},
  year={2019},
  publisher={British Medical Journal Publishing Group}
}

@article{ramakrishnan2021accelerometer,
  title={Accelerometer measured physical activity and the incidence of cardiovascular disease: Evidence from the UK Biobank cohort study},
  author={Ramakrishnan, Rema and Doherty, Aiden and Smith-Byrne, Karl and Rahimi, Kazem and Bennett, Derrick and Woodward, Mark and Walmsley, Rosemary and Dwyer, Terence},
  journal={PLoS medicine},
  volume={18},
  number={1},
  pages={e1003487},
  year={2021},
  publisher={Public Library of Science}
}

@article{barker2019physical,
  title={Physical activity of UK adults with chronic disease: cross-sectional analysis of accelerometer-measured physical activity in 96 706 UK Biobank participants},
  author={Barker, Joseph and Smith Byrne, Karl and Doherty, Aiden and Foster, Charlie and Rahimi, Kazem and Ramakrishnan, Rema and Woodward, Mark and Dwyer, Terence},
  journal={International Journal of Epidemiology},
  volume={48},
  number={4},
  pages={1167--1174},
  year={2019},
  publisher={Oxford University Press}
}

@article{cassidy2018accelerometer,
  title={Accelerometer-derived physical activity in those with cardio-metabolic disease compared to healthy adults: a UK Biobank study of 52,556 participants},
  author={Cassidy, Sophie and Fuller, Harley and Chau, Josephine and Catt, Michael and Bauman, Adrian and Trenell, Michael I},
  journal={Acta diabetologica},
  volume={55},
  number={9},
  pages={975--979},
  year={2018},
  publisher={Springer}
}

@article{guo2020physical,
  title={Physical activity and breast cancer risk: results from the UK Biobank prospective cohort},
  author={Guo, Wenji and Fensom, Georgina K and Reeves, Gillian K and Key, Timothy J},
  journal={British journal of cancer},
  volume={122},
  number={5},
  pages={726--732},
  year={2020},
  publisher={Nature Publishing Group}
}

@article{dennison2021association,
  title={Association of genetic liability for psychiatric disorders with accelerometer-assessed physical activity in the UK Biobank},
  author={Dennison, Charlotte A and Legge, Sophie E and Bracher-Smith, Matthew and Menzies, Georgina and Escott-Price, Valentina and Smith, Daniel J and Doherty, Aiden R and Owen, Michael J and Oâ€™Donovan, Michael C and Walters, James TR},
  journal={PloS one},
  volume={16},
  number={3},
  pages={e0249189},
  year={2021},
  publisher={Public Library of Science San Francisco, CA USA}
}

@article{nikbakhtian2021accelerometer,
  title={Accelerometer-derived sleep onset timing and cardiovascular disease incidence: a UK Biobank cohort study},
  author={Nikbakhtian, Shahram and Reed, Angus B and Obika, Bernard Dillon and Morelli, Davide and Cunningham, Adam C and Aral, Mert and Plans, David},
  journal={European Heart Journal-Digital Health},
  volume={2},
  number={4},
  pages={658--666},
  year={2021},
  publisher={Oxford University Press}
}

@inproceedings{casale2011human,
  title={Human activity recognition from accelerometer data using a wearable device},
  author={Casale, Pierluigi and Pujol, Oriol and Radeva, Petia},
  booktitle={Iberian conference on pattern recognition and image analysis},
  pages={289--296},
  year={2011},
  organization={Springer}
}

@article{kubota2016machine,
  title={Machine learning for large-scale wearable sensor data in Parkinson's disease: Concepts, promises, pitfalls, and futures},
  author={Kubota, Ken J and Chen, Jason A and Little, Max A},
  journal={Movement disorders},
  volume={31},
  number={9},
  pages={1314--1326},
  year={2016},
  publisher={Wiley Online Library}
}

@inproceedings{alvarez2006comparison,
  title={Comparison of step length estimators from weareable accelerometer devices},
  author={Alvarez, Diego and Gonz{\'a}lez, Rafael C and L{\'o}pez, Antonio and Alvarez, Juan C},
  booktitle={2006 International Conference of the IEEE Engineering in Medicine and Biology Society},
  pages={5964--5967},
  year={2006},
  organization={IEEE}
}

@article{nho2020cluster,
  title={Cluster-analysis-based user-adaptive fall detection using fusion of heart rate sensor and accelerometer in a wearable device},
  author={Nho, Young-Hoon and Lim, Jong Gwan and Kwon, Dong-Soo},
  journal={IEEE Access},
  volume={8},
  pages={40389--40401},
  year={2020},
  publisher={IEEE}
}

@article{yang2010review,
  title={A review of accelerometry-based wearable motion detectors for physical activity monitoring},
  author={Yang, Che-Chang and Hsu, Yeh-Liang},
  journal={Sensors},
  volume={10},
  number={8},
  pages={7772--7788},
  year={2010},
  publisher={Molecular Diversity Preservation International (MDPI)}
}